@misc{P3,
author = "Tobias Grosser, Johannes Doerfert, Zino Benaissa",
title = "Analyzing and Optimizing your Loops with Polly",
url = {https://www.llvm.org/devmtg/2016-03/Tutorials/applied-polyhedral-compilation.pdf},    
note = {EuroLLVM 2016, 17. March, Barcelona},
}

@article{P2,
author = {Geist, Matthieu and Pietquin, Olivier},
year = {2013},
month = {06},
pages = {},
title = {An Algorithmic Survey of Parametric Value Function Approximation},
volume = {24},
journal = {IEEE Transactions on Neural Networks and Learning Systems},
doi = {10.1109/TNNLS.2013.2247418}
}

@inproceedings{P1,
   author = {Brauckmann, A. and Goens, A. and Castrillon, J.},
   title = {PolyGym: Polyhedral Optimizations as an Environment for Reinforcement Learning},
   booktitle = {2021 30th International Conference on Parallel Architectures and Compilation Techniques (PACT)},
   pages = {17-29},
   DOI = {10.1109/PACT52795.2021.00009},
   type = {Conference Proceedings}
}



