@inproceedings{P3,
   author = {Brauckmann, A. and Goens, A. and Castrillon, J.},
   title = {PolyGym: Polyhedral Optimizations as an Environment for Reinforcement Learning},
   booktitle = {2021 30th International Conference on Parallel Architectures and Compilation Techniques (PACT)},
   pages = {17-29},
   DOI = {10.1109/PACT52795.2021.00009},
   type = {Conference Proceedings}
}

@Book{P2,
  author     = "Chen-Chung Chang and H. Jerome Keisler",
  title      = "Model Theory",
  publisher  = "North-Holland",
  edition   = {Third},
  year       = 1990,
}

@inproceedings{P1,
  author    = {Hiroki Arimura},
  title     = {Learning Acyclic First-Order Horn Sentences from Entailment},
  booktitle = {Proc. of the 8th Intl. Conf. on Algorithmic Learning Theory, ALT '97},
  year      = {1997},
  pages     = {432-445},
  ee        = {http://dx.doi.org/10.1007/3-540-63577-7_59},
  bibsource = {DBLP, http://dblp.uni-trier.de}
}


